@misc{https://doi.org/10.48550/arxiv.2011.07340,
  doi = {10.48550/ARXIV.2011.07340},
  
  url = {https://arxiv.org/abs/2011.07340},
  
  author = {Yadav, Ravindra and Sardana, Ashish and Namboodiri, Vinay P and Hegde, Rajesh M},
  
  keywords = {Computer Vision and Pattern Recognition (cs.CV), FOS: Computer and information sciences, FOS: Computer and information sciences},
  
  title = {Speech Prediction in Silent Videos using Variational Autoencoders},
  
  publisher = {arXiv},
  
  year = {2020},
  
  copyright = {Creative Commons Attribution Non Commercial No Derivatives 4.0 International}
}

@misc{vidtovid,
  doi = {10.48550/ARXIV.1808.06601},
  
  url = {https://arxiv.org/abs/1808.06601},
  
  author = {Wang, Ting-Chun and Liu, Ming-Yu and Zhu, Jun-Yan and Liu, Guilin and Tao, Andrew and Kautz, Jan and Catanzaro, Bryan},
  
  keywords = {Computer Vision and Pattern Recognition (cs.CV), Graphics (cs.GR), Machine Learning (cs.LG), FOS: Computer and information sciences, FOS: Computer and information sciences},
  
  title = {Video-to-Video Synthesis},
  
  publisher = {arXiv},
  
  year = {2018},
  
  copyright = {arXiv.org perpetual, non-exclusive license}
}
@misc{fact3d,
  doi = {10.48550/ARXIV.1510.00562},
  
  url = {https://arxiv.org/abs/1510.00562},
  
  author = {Sun, Lin and Jia, Kui and Yeung, Dit-Yan and Shi, Bertram E.},
  
  keywords = {Computer Vision and Pattern Recognition (cs.CV), FOS: Computer and information sciences, FOS: Computer and information sciences},
  
  title = {Human Action Recognition using Factorized Spatio-Temporal Convolutional Networks},
  
  publisher = {arXiv},
  
  year = {2015},
  
  copyright = {arXiv.org perpetual, non-exclusive license}
}
@misc{inflated,
  doi = {10.48550/ARXIV.1705.07750},
  
  url = {https://arxiv.org/abs/1705.07750},
  
  author = {Carreira, Joao and Zisserman, Andrew},
  
  keywords = {Computer Vision and Pattern Recognition (cs.CV), Machine Learning (cs.LG), FOS: Computer and information sciences, FOS: Computer and information sciences},
  
  title = {Quo Vadis, Action Recognition? A New Model and the Kinetics Dataset},
  
  publisher = {arXiv},
  
  year = {2017},
  
  copyright = {arXiv.org perpetual, non-exclusive license}
}
@misc{twostream,
  doi = {10.48550/ARXIV.1406.2199},
  
  url = {https://arxiv.org/abs/1406.2199},
  
  author = {Simonyan, Karen and Zisserman, Andrew},
  
  keywords = {Computer Vision and Pattern Recognition (cs.CV), FOS: Computer and information sciences, FOS: Computer and information sciences},
  
  title = {Two-Stream Convolutional Networks for Action Recognition in Videos},
  
  publisher = {arXiv},
  
  year = {2014},
  
  copyright = {arXiv.org perpetual, non-exclusive license}
}
@misc{transformer,
  doi = {10.48550/ARXIV.2201.04288},
  
  url = {https://arxiv.org/abs/2201.04288},
  
  author = {Yan, Shen and Xiong, Xuehan and Arnab, Anurag and Lu, Zhichao and Zhang, Mi and Sun, Chen and Schmid, Cordelia},
  
  keywords = {Computer Vision and Pattern Recognition (cs.CV), Machine Learning (cs.LG), FOS: Computer and information sciences, FOS: Computer and information sciences},
  
  title = {Multiview Transformers for Video Recognition},
  
  publisher = {arXiv},
  
  year = {2022},
  
  copyright = {Creative Commons Attribution 4.0 International}
}

@misc{mldlfmri,
  doi = {10.1111/exsy.12644},
  
  url = {https://doi.org/10.1111/exsy.12644},
  
  author = {Rashid, Mamoon and Singh, Harjeet and Goyal, Vishal},
  
  title = {The use of machine learning and deep learning algorithms in functional magnetic resonance imaging—A systematic review} ,
  publisher = {Expert Systems},
  
  year = {2020},
  
}
@article{article,
author = {Rashid, Mamoon and Singh, Harjeet and Goyal, Vishal},
year = {2020},
month = {12},
pages = {},
title = {The use of machine learning and deep learning algorithms in functional magnetic resonance imaging—A systematic review},
volume = {37},
journal = {Expert Systems},
doi = {10.1111/exsy.12644}
}

@misc{dataset,
  doi = {10.1038/s41597-022-01173-0},
  url = {https://rdcu.be/cWRSc},
  author = {Berezutskaya, J., Vansteensel, M.J., Aarnoutse, E.J. et al.},
  keywords = {},
  title = {Open multimodal iEEG-fMRI dataset from naturalistic stimulation with a short audiovisual film},
  publisher = {},
  year = {2022},
  copyright = {}
}


@misc{fmri_sysreview,
  doi = {10.1111/exsy.12644},
  url = {https://onlinelibrary.wiley.com/doi/full/10.1111/exsy.12644},
  author = {Mamoon Rashid,Harjeet Singh,Vishal Goyal},
  keywords = {},
  title = {The use of machine learning and deep learning algorithms in functional magnetic resonance imaging—A systematic review},
  publisher = {},
  year = {2020},
  copyright = {}
}

@misc{fmri2,
  doi = {},
  url = {https://arxiv.org/pdf/1804.10167v1.pdf},
  author = { Maxim Sharaev, Alexander Andreev, Alexey Artemov, Alexander Bernstein, Evgeny Burnaev, Ekaterina Kondratyeva, Svetlana Sushchinskaya, Renat},
  keywords = {},
  title = {fMRI: preprocessing, classification and pattern recognition},
  publisher = {},
  year = {2018},
  copyright = {}
